<record><leader>00000cas a2200000 a 4500</leader><controlfield tag="001">35719441</controlfield><controlfield tag="008">961011d18831893miuwr ne      0    0eng c</controlfield><datafield ind1=" " ind2=" " tag="010"><subfield code="a">sn 96077145 </subfield></datafield><datafield ind1=" " ind2=" " tag="040"><subfield code="a">MHN</subfield><subfield code="b">eng</subfield><subfield code="c">MHN</subfield><subfield code="d">OCL</subfield><subfield code="d">MHN</subfield><subfield code="d">OCL</subfield><subfield code="d">OCLCQ</subfield><subfield code="d">OCLCF</subfield><subfield code="d">OCLCO</subfield></datafield><datafield ind1="1" ind2=" " tag="029"><subfield code="a">AU@</subfield><subfield code="b">000012911061</subfield></datafield><datafield ind1=" " ind2=" " tag="042"><subfield code="a">pcc</subfield></datafield><datafield ind1=" " ind2=" " tag="043"><subfield code="a">n-us-mi</subfield></datafield><datafield ind1="0" ind2="0" tag="245"><subfield code="a">Torch Lake times.</subfield></datafield><datafield ind1=" " ind2=" " tag="260"><subfield code="a">Lake Linden, Mich. :</subfield><subfield code="b">Wilson &amp; Laube</subfield></datafield><datafield ind1=" " ind2=" " tag="300"><subfield code="a">v.</subfield></datafield><datafield ind1=" " ind2=" " tag="310"><subfield code="a">Weekly</subfield></datafield><datafield ind1="1" ind2=" " tag="362"><subfield code="a">Began in 1883?</subfield></datafield><datafield ind1="0" ind2=" " tag="362"><subfield code="a">-v. 10, no. 14 (Feb. 21, 1893).</subfield></datafield><datafield ind1=" " ind2=" " tag="588"><subfield code="a">Description based on: Vol. 2, no. 2 (Sept. 23, 1884).</subfield></datafield><datafield ind1=" " ind2="0" tag="651"><subfield code="a">Lake Linden (Mich.)</subfield><subfield code="v">Newspapers.</subfield></datafield><datafield ind1=" " ind2="0" tag="651"><subfield code="a">Houghton County (Mich.)</subfield><subfield code="v">Newspapers.</subfield></datafield><datafield ind1=" " ind2="7" tag="655"><subfield code="a">Newspapers.</subfield><subfield code="2">fast</subfield><subfield code="0">(OCoLC)fst01423814</subfield></datafield><datafield ind1=" " ind2="7" tag="651"><subfield code="a">Michigan</subfield><subfield code="z">Houghton County.</subfield><subfield code="2">fast</subfield><subfield code="0">(OCoLC)fst01214775</subfield></datafield><datafield ind1=" " ind2="7" tag="651"><subfield code="a">Michigan</subfield><subfield code="z">Lake Linden.</subfield><subfield code="2">fast</subfield><subfield code="0">(OCoLC)fst01225763</subfield></datafield><datafield ind1=" " ind2=" " tag="752"><subfield code="a">United States</subfield><subfield code="b">Michigan</subfield><subfield code="c">Houghton</subfield><subfield code="d">Lake Linden.</subfield></datafield><datafield ind1="0" ind2="0" tag="785"><subfield code="t">Native copper times</subfield><subfield code="w">(DLC)sn 96077146</subfield><subfield code="w">(OCoLC)35719471</subfield></datafield></record>